@inproceedings{rootpaper,
  author    = {Mark Hopkins and
               Adnan Darwiche},
  title     = {A Practical Relaxation of Constant-Factor Treewidth Approximation
               Algorithms},
  booktitle = {Probabilistic Graphical Models},
  year      = {2002},
  ee        = {http://www.info-ab.uclm.es/isl/cuenca/proceedings/proc-elec/papers/pgm02-9.ps.gz},
  bibsource = {DBLP, http://dblp.uni-trier.de}
}

@techreport{hop,
  author    = {Mark Hopkins and
               Adnan Darwiche},
  title     = {Graph triangulation from the perspective of decomposition trees},
  year      = {2002},
  institution = {Computer science departmnent, UCLA, Los Angeles}
}

@article{robert,
  author    = {Neil Robertson and
               Paul D. Seymour},
  title     = {Graph Minors .XIII. The Disjoint Paths Problem},
  journal   = {J. Comb. Theory, Ser. B},
  volume    = 63,
  number    = 1,
  year      = 1995,
  pages     = {65-110},
  ee        = {http://dx.doi.org/10.1006/jctb.1995.1006},
  bibsource = {DBLP, http://dblp.uni-trier.de}
}

@book{ocaml,
  author    = {Pierre Weis and
               Xavier Leroy},
  title     = {Le langage Caml},
  publisher = {InterEditions},
  year      = 1993,
  isbn      = {978-2-7296-0493-6},
  pages     = {I-XIII, 1-407},
  bibsource = {DBLP, http://dblp.uni-trier.de}
}